
@article{Z-Introduction-MIT,
  title={The cocktail party problem},
  author={Haykin, Simon and Chen, Zhe},
  journal={Neural computation},
  volume={17},
  number={9},
  pages={1875--1902},
  year={2005},
  publisher={MIT Press}
}

@article{Z-Introduction-identifiability,
   author = {Tong, Lang and Liu, R-W and Soon, Victor C and Huang, Y-F %J IEEE Transactions on circuits and systems},
   title = {Indeterminacy and identifiability of blind identification},
   volume = {38},
   number = {5},
   pages = {499-509},
   ISSN = {0098-4094},
   year = {1991},
   type = {Journal Article}
}

@inproceedings{Z-Introduction-11,
   author = {Herault, Jeanny and Jutten, Christian},
   title = {Space or time adaptive signal processing by neural network models},
   booktitle = {AIP conference proceedings},
   publisher = {AIP},
   volume = {151},
   pages = {206-211},
   ISBN = {088318351X},
   type = {Conference Proceedings}
}

@article{Z-Introduction-12,
  title={Blind separation of sources, part I: An adaptive algorithm based on neuromimetic architecture},
  author={Jutten, Christian and Herault, Jeanny},
  journal={Signal processing},
  volume={24},
  number={1},
  pages={1--10},
  year={1991},
  publisher={Elsevier}
}

@article{Z-Introduction-13,
  title={Blind separation of sources, Part II: Problems statement},
  author={Comon, Pierre and Jutten, Christian and Herault, Jeanny},
  journal={Signal processing},
  volume={24},
  number={1},
  pages={11--20},
  year={1991},
  publisher={Elsevier}
}

@article{Z-Introduction-TwoStage,
  title={Underdetermined blind source separation using sparse representations},
  author={Bofill, Pau and Zibulevsky, Michael},
  journal={Signal processing},
  volume={81},
  number={11},
  pages={2353--2362},
  year={2001},
  publisher={Elsevier}
}